<record><leader>01958nam a2200469 a 4500</leader><controlfield tag="001">6752682</controlfield><controlfield tag="003">OCoLC</controlfield><controlfield tag="005">20141110114128.0</controlfield><controlfield tag="006">m     o  d        </controlfield><controlfield tag="007">cr unu</controlfield><controlfield tag="008">141110s2015    njua    ob    001 0 eng d</controlfield><datafield ind1=" " ind2=" " tag="020"><subfield code="a">9781601634108</subfield></datafield><datafield ind1=" " ind2=" " tag="020"><subfield code="a">1601634102</subfield></datafield><datafield ind1=" " ind2=" " tag="020"><subfield code="z">9781601633507</subfield></datafield><datafield ind1=" " ind2=" " tag="035"><subfield code="a">ocn894906770</subfield></datafield><datafield ind1=" " ind2=" " tag="037"><subfield code="a">CL0500000499</subfield><subfield code="b">Safari Books Online</subfield></datafield><datafield ind1=" " ind2=" " tag="039"><subfield code="a">exclude</subfield></datafield><datafield ind1=" " ind2=" " tag="040"><subfield code="a">UMI</subfield><subfield code="c">UMI</subfield><subfield code="d">AEU</subfield></datafield><datafield ind1=" " ind2="4" tag="050"><subfield code="a">HD6053</subfield><subfield code="b">.G35 2015</subfield></datafield><datafield ind1=" " ind2=" " tag="090"><subfield code="a">Internet Access</subfield><subfield code="b">AEGMCT</subfield></datafield><datafield ind1=" " ind2=" " tag="090"><subfield code="a">Internet Access</subfield><subfield code="b">AEU</subfield></datafield><datafield ind1="1" ind2=" " tag="100"><subfield code="a">Baebler, Erin.</subfield></datafield><datafield ind1="1" ind2="0" tag="245"><subfield code="a">Moms mean business</subfield><subfield code="h">[electronic resource] :</subfield><subfield code="b">a guide to creating a successful company and happy life as a mom entrepreneur /</subfield><subfield code="c">Erin Baebler and Lara Galloway.</subfield></datafield><datafield ind1="3" ind2="0" tag="246"><subfield code="a">Guide to creating a successful company and happy life as a mom entrepreneur</subfield></datafield><datafield ind1=" " ind2=" " tag="260"><subfield code="a">Pompton Plains, N.J. :</subfield><subfield code="b">Career Press,</subfield><subfield code="c">c2015.</subfield></datafield><datafield ind1=" " ind2=" " tag="300"><subfield code="a">1 online resource (1 v.) :</subfield><subfield code="b">ill.</subfield></datafield><datafield ind1=" " ind2=" " tag="336"><subfield code="a">text</subfield><subfield code="b">txt</subfield><subfield code="2">rdacontent</subfield></datafield><datafield ind1=" " ind2=" " tag="337"><subfield code="a">computer</subfield><subfield code="b">c</subfield><subfield code="2">rdamedia</subfield></datafield><datafield ind1=" " ind2=" " tag="338"><subfield code="a">online resource</subfield><subfield code="b">cr</subfield><subfield code="2">rdacarrier</subfield></datafield><datafield ind1=" " ind2=" " tag="504"><subfield code="a">Includes bibliographical references and index.</subfield></datafield><datafield ind1="0" ind2=" " tag="505"><subfield code="a">Introduction -- Own your life -- Who you are -- Envisioning success -- Time management -- Self-care -- Own your business -- Your toolkit -- Business planning -- Productivity tools -- Staying on track.</subfield></datafield><datafield ind1=" " ind2=" " tag="506"><subfield code="a">Access restricted to authorized users and institutions.</subfield></datafield><datafield ind1=" " ind2=" " tag="588"><subfield code="a">Description based on print version record.</subfield></datafield><datafield ind1=" " ind2=" " tag="596"><subfield code="a">44</subfield></datafield><datafield ind1=" " ind2="0" tag="650"><subfield code="a">Businesswomen.</subfield></datafield><datafield ind1=" " ind2="0" tag="650"><subfield code="a">Home-based businesses.</subfield></datafield><datafield ind1=" " ind2="0" tag="650"><subfield code="a">Business planning.</subfield></datafield><datafield ind1=" " ind2="0" tag="650"><subfield code="a">Time management.</subfield></datafield><datafield ind1="1" ind2=" " tag="700"><subfield code="a">Galloway, Lara.</subfield></datafield><datafield ind1="4" ind2="0" tag="856"><subfield code="3">University of Alberta Access</subfield><subfield code="u">http://proquest.safaribooksonline.com/?uiCode=ualberta&amp;xmlId=9781601633507</subfield></datafield><datafield ind1=" " ind2=" " tag="949"><subfield code="a">Internet Access</subfield><subfield code="h">UAIN</subfield><subfield code="m">GR_MAC_INT</subfield><subfield code="z">SAFMAC</subfield></datafield><datafield ind1=" " ind2=" " tag="926"><subfield code="a">Internet Access</subfield><subfield code="w">LC</subfield><subfield code="c">1</subfield><subfield code="i">6752682-1001</subfield><subfield code="l">INTERNET</subfield><subfield code="m">UAINTERNET</subfield><subfield code="r">Y</subfield><subfield code="s">Y</subfield><subfield code="t">E-RESOURCE</subfield><subfield code="u">12/3/2014</subfield><subfield code="x">E-BOOK</subfield><subfield code="z">SAFARI</subfield></datafield></record>